@Article{Weyl1916,
author={Weyl, Hermann},
title={{\"U}ber die Gleichverteilung von Zahlen mod. Eins},
journal={Mathematische Annalen},
year={1916},
month={Sep},
day={01},
volume={77},
number={3},
pages={313-352},
issn={1432-1807},
doi={10.1007/BF01475864},
url={https://doi.org/10.1007/BF01475864}
}

@Article{Vinogradov1948,
 Author = {Ivan. M. {Vinogradov}},
 Title = {{On the distribution of products of prime numbers and the numerical function of M{\"o}bius}},
 FJournal = {{Izvestiya Akademii Nauk SSSR. Seriya Matematicheskaya}},
 Journal = {{Izv. Akad. Nauk SSSR, Ser. Mat.}},
 ISSN = {0373-2436},
 Volume = {12},
 Pages = {341--350},
 Year = {1948},
 Publisher = {Izdatel'stvo Nauka, Moskva}
}

﻿@Article{Diaconis1977,
author={Diaconis, Persi},
title={The Distribution of Leading Digits and Uniform Distribution Mod 1},
journal={The Annals of Probability},
year={1977},
month={Feb},
day={01},
volume={5},
number={1},
pages={72-81},
doi={10.1214/aop/1176995891},
url={https://doi.org/10.1214/aop/1176995891}
}

@Article{Sierpinski1910,
author={Sierpiński, Wacław},
title={O wartości asymptotycznej pewnej sumy},
journal={Rozprawy  Akademii  Umiejętności w Krakowie, Wydział mat. przyrod.},
year={1910},
volume={50},
pages={1-10},
}

